@online{dst_news,
  url = { https://www.worldtimezone.com/dst_news/dst_news_russia-history.html }
}

